2203 2888
886 134 1163 179 ...7-

956 255 1090 313 53.

389 361 535 407 Porro
563 360 648 407 ubi
685 359 1124 422 artes'exercentur,
1162 360 1247 405 ubi
1280 362 1609 405 commercium
1634 361 1784 421 viget,

261 423 342 466 ‘ubi
366 424 562 468 divitiae
587 423 703 475 funt,
732 424 800 481 ibi
828 439 1009 484 quoque
1033 425 1169 469 luxui
1194 425 1349 467 locum
1378 421 1479 475 ess'e,
1512 438 1569 465 ex
1596 422 1687 480 ipsa
1711 424 1783 465 rei

259 497 420 529 natura
444 486 669 544 sequiturf
722 488 848 531 Haec
878 502 988 532 vero
1022 487 1177 531 omnia
1206 487 1399 531 Athenis
1432 496 1536 530 ante
1562 487 1781 528 Solonem

259 543 391 590 fuiss'e
424 545 847 596 demonstrabimus.

383 643 486 687 Jam
507 637 538 683 fi
557 655 701 699 1159118
726 633 783 685 ad
805 642 1053 695 Homerica
1078 653 1286 699 tempora
1310 639 1621 700 regredimur,
1661 639 1782 680 mul-

198 710 202 712 “
257 710 326 745 tas
360 717 384 746 a
416 704 598 747 Graecis
632 705 890 748 invenimus
926 714 1045 747 artes
1079 704 1362 751 exercitatas.
1424 705 1636 758 Namque
1670 698 1701 741 ss
1732 700 1781 740 in

254 764 452 806 Homeri
477 766 756 808 carminibus
783 763 840 809 de
858 764 1056 818 vestibus
1082 764 1328 808 artificiose
1352 765 1500 818 factis,
1535 764 1592 806 de
1618 761 1780 818 capitis

252 823 517 882 pedumque
541 825 823 870 indumentis
855 825 957 870 satis
986 825 1271 884 splendidis,
1294 826 1350 869 de
1376 823 1594 868 aedificiis
1615 825 1777 879 volup-

253 885 338 926 tati
354 887 510 943 magis,
534 892 670 943 quam
689 887 789 929 usui
816 888 1188 938 accommodatis,
1212 888 1268 931 de
1294 878 1443 939 hastis,
1467 886 1649 945 gladiis,
1680 886 1777 941 cly-

250 946 370 1001 peis,
404 946 697 1000 thoracibus,
733 950 899 1005 galeis,
931 950 1077 992 ocreis
1108 950 1302 1008 aliisque
1331 949 1468 991 armis
1488 945 1661 990 affabre
1684 947 1774 986 ela-

249 1005 422 1049 boratis
448 1009 664 1060 ²)smulta
688 1011 965 1064 reperimus,
1007 1012 1080 1053 his
1104 1011 1197 1064 jam
1223 1010 1511 1066 temporibus
1539 1017 1657 1050 artes
1690 1006 1774 1048 sso-

249 1063 402 1119 1111118,
435 1080 551 1124 quae
568 1068 711 1126 luxui
721 1068 1011 1123 inservirent,
1044 1072 1202 1130 negari
1223 1071 1395 1126 nequit.
1459 1069 1595 1125 Quod
1620 1066 1649 1110 fi
1669 1082 1774 1110 con·

249 1128 453 1179 ceditur,
483 1129 676 1170 Athenis
703 1143 885 1185 quoque
909 1141 1026 1172 artes
1053 1131 1282 1171 exercitae
1314 1128 1428 1170 sunt.
1492 1132 1654 1183 Neque
1682 1128 1771 1168 hoc

246 1186 352 1231 fieri
385 1188 522 1231 aliter
554 1189 724 1246 potuit.
818 1190 1074 1252 Phoenices
1097 1191 1219 1232 enim
1249 1186 1350 1244 jam⁵
1376 1199 1422 1230 et
1455 1184 1771 1246 antiquissimis

245 1250 534 1307 temporibus
566 1250 739 1292 artibus
776 1251 1041 1293 excolendis
1078 1251 1281 1292 sedulam
1325 1261 1542 1292 navantes
1584 1263 1771 1306 operam

244 1326 339 1353 non
372 1310 518 1353 solum
552 1325 658 1353 811111
694 1321 794 1353 1010
828 1322 936 1353 111118
968 1312 1191 1367 temporis
1228 1321 1340 1353 noto
1374 1322 1600 1353 terrarum
1634 1310 1785 1361 orbe,

245 1386 361 1429 quae
392 1372 749 1422 fabricaverant,
789 1372 1213 1428 communicabant;
1267 1372 1343 1414 sed
1377 1373 1516 1414 etiam
1551 1370 1765 1413 omnibus

242 1432 311 1475 sui
345 1433 562 1477 imitandi
596 1431 796 1476 studium
830 1434 1172 1490 impertiebant.
1277 1433 1492 1477 Obtinuit
1530 1444 1764 1490 praeterea

240 1494 537 1551 Athenienses
568 1495 690 1546 inter
728 1505 862 1551 atque
894 1497 1031 1542 Jones
1061 1493 1209 1552 Aliam
1249 1496 1478 1538 minorem
1513 1495 1764 1536 incolentes

240 1556 405 1598 intima
430 1554 744 1606 familiaritas,
775 1569 905 1611 quae,
939 1565 1045 1597 cum
1071 1559 1208 1602 Jones
1232 1556 1322 1610 jam
1350 1570 1507 1599 omnes
1532 1556 1626 1597 fere
1647 1566 1764 1596 artes

242 1627 528 1666 exercerent,
561 1615 763 1658 Athenas
786 1628 970 1672 91109118
994 1630 1244 1673 propagare
1272 1616 1351 1660 eas'
1372 1616 1584 1660 debebat.
1628 1616 1783 1673 Quod⁴

239 1693 350 1732 vero
376 1677 703 1721 commercium
738 1686 842 1718 ante
873 1678 1091 1719 Solonem
1117 1678 1341 1735 viguerit,
1370 1676 1423 1719 id
1450 1679 1527 1719 vel
1549 1678 1655 1720 inde
1684 1692 1761 1734 ap-

237 1750 389 1797 paret,
429 1738 554 1797 quod
580 1738 835 1781 Phoenices
860 1740 1112 1795 Jonesque,
1144 1750 1199 1781 ut
1222 1740 1270 1780 in
1294 1740 1460 1795 vulgus
1487 1749 1652 1781 notum
1677 1739 1759 1793 est,

237 1797 484 1859 saepiffime
508 1800 567 1843 ad
594 1801 792 1861 negotia.
807 1799 1056 1843 factitanda
1080 1800 1273 1843 navibus
1297 1799 1496 1845 Athenas
1513 1813 1761 1857 peterent,

229 1862 459 1919 indeque,
497 1876 612 1919 quae
646 1861 974 1916 commutando
1008 1859 1358 1919 acquifiverant,
1395 1862 1443 1902 in
1467 1864 1663 1917 patriam
1689 1877 1758 1904 re-

236 1932 487 1981 portarent.
584 1927 652 1967 Ita
677 1923 913 1977 Plutarchi
937 1917 1022 1977 ill‘e
1049 1923 1201 1975 108115,
1242 1922 1335 1977 jam
1359 1920 1487 1980 supra
1520 1923 1757 1975 laudatus,

236 1998 352 2041 quo,
391 1986 471 2042 qui
497 1986 634 2042 aliter
661 1999 714 2038 ec
736 1980 818 2028 nos
843 1983 1131 2028 statuendum
1154 1986 1450 2042 pataverunt,
1487 1982 1772 2028 sententiam·

238 2043 359 2088 suam
383 2045 629 2099 defendere
651 2048 804 2101 conati
831 2046 945 2097 sunt,
976 2061 1069 2094 non
1094 2048 1246 2089 minus
1268 2046 1443 2089 faveret
1468 2045 1644 2090 nostrae
1665 2046 1756 2090 sen-

235 2107 424 2160 tentiae,
455 2105 625 2165 quippe
643 2105 723 2164 qui
741 2116 896 2164 aperte
917 2106 1102 2152 dooeat:
1132 2107 1427 2153 Athenienses
1444 2108 1540 2164 jam
1559 2109 1752 2154 modum

274 2289 308 2320 ι,
349 2276 486 2311 retusi
506 2266 618 2330 anssiq.
639 2279 788 2317 Homer.
810 2280 888 2321 111,
909 2279 942 2315 α
963 2289 997 2323 ⁷·
1037 2279 1100 2321 xv,
1119 2282 1158 2321 a>
1173 2290 1204 2327 9.
1230 2293 1279 2317 ιο.

272 2345 307 2376 2,
348 2333 444 2369 mut.
466 2333 541 2369 501.
565 2340 661 2378 c.24.
1266 2358 1270 2362 ,
