2203 2888
969 139 1245 185 ...6—

342 245 567 302 phontern
595 255 640 287 et
667 242 968 286 Plutarchum
992 239 1036 297 ¹)
1069 252 1333 299 opponunt,
1357 244 1529 301 quippe
1554 246 1634 303 qui
1662 245 1868 294 doceant,

339 308 484 350 totius
509 305 691 348 Atticae
716 304 893 348 fructus
926 303 987 346 ad
1013 303 1187 359 incolas
1216 303 1411 360 {alendos
1429 319 1535 347 non
1571 303 1792 350 suffeciffe
1823 316 1872 349 et

338 367 638 412 metallorum
670 367 848 410 reditus
875 366 1122 409 maximam
1154 362 1334 424 partem
1359 365 1418 411 ad
1444 367 1661 410 alimenta
1687 382 1870 427 compa-

335 429 478 473 randa
503 426 636 472 fuiffe
668 427 953 482 consumtos,
985 442 1126 485 eaque
1153 442 1212 470 ex
1229 426 1359 472 causa
1381 429 1597 472 Solonem
1624 430 1764 474 etiam
1790 445 1869 473 cu·

334 492 479 545 jusvis
505 492 684 549 gefner'is
708 492 941 541 alimenta,
974 491 1080 533 oleo
1107 494 1316 547 excepto,
1349 491 1585 548 exportari
1603 488 1794 547 vetuiss'e
1809 493 1867 545 ⁸).

334 555 385 594 In
413 567 505 609 quo
525 549 835 608 denique-sibi
862 551 1150 608 triumphare
1179 551 1396 594 videntur
1421 549 1483 595 est
1507 552 1742 595 redituum
1766 568 1867 596 mo·

337 613 498 663 dulus,
531 628 625 669 quo
646 613 722 670 qui
743 611 957 656 a'Solone
980 613 1158 669 primae
1174 609 1295 655 claffi
1321 611 1537 670 adscripti
1562 624 1712 670 erant,
1745 613 1868 656 frue-

334 674 518 719 bantur.
608 675 791 717 Etenim
818 675 900 733 qui
925 674 999 716 vel
1025 674 1298 732 quingentos
1332 674 1591 726 medimnos
1625 672 1877 733 quotannis'

331 737 624 793 liquidorum
651 737 980 794 aridorumque
1005 737 1301 794 colligerent,
1342 747 1541 793 quatuor
1566 738 1732 794 populi
1760 735 1870 780 clas·

332 794 445 840 lium
474 798 618 855 primi
645 797 944 842 censebantur
966 798 1022 855 ³),
1051 797 1192 850 unde,
1216 797 1456 855 inquiunt,
1484 798 1714 852 conjicere
1740 799 1868 847 licet,

331 872 484 914 neque
517 860 617 901 illis
651 857 779 915 ipsis,
825 874 975 916 neque
1017 859 1147 908 aliis,
1202 859 1281 915 qui
1320 859 1619 902 inferioribus
1661 855 1869 900 clastibus

331 915 474 962 effent
499 917 732 978 adscripti,
764 921 966 963 multum
983 919 1041 963 ad
1061 921 1229 962 luxum
1253 919 1563 974 exercendum
1589 914 1885 975 superfuiss'ev

462 1023 553 1066 Sed
575 1022 659 1081 qui
680 1023 745 1064 ita
770 1023 1120 1075 ratiocinantur,
1152 1019 1186 1064 fi
1211 1035 1305 1064 non
1330 1020 1503 1069 vident,
1535 1021 1867 1073 conciliandos,

330 1085 485 1140 quoad
507 1084 614 1131 fieri
646 1080 804 1137 poffit,
848 1081 954 1135 ipsis
986 1082 1070 1125 fibi
1097 1094 1304 1124 auctores
1328 1077 1441 1132 effe,
1483 1094 1568 1123 nae
1600 1082 1675 1124 illi
1691 1092 1868 1139 ,parum

327 1142 497 1198 judicii
521 1141 674 1185 critici
698 1136 926 1197 produnt!
1004 1141 1211 1192 Etenim,
1256 1140 1382 1197 quod
1407 1151 1579 1182 norunt
1610 1143 1879 1201 agricolae„

321 1201 459 1247 ‘haud
486 1203 602 1246 adeo
637 1216 721 1259 per
744 1199 786 1243 se
813 1199 1021 1244 infertile
1055 1211 1102 1243 et
1125 1211 1379 1243 ceterarum
1403 1200 1593 1260 frugum
1617 1203 1864 1261 impatiens

333 1263 395 1308 est
418 1264 564 1308 solum
579 1296 592 1315 ,
619 1262 776 1318 suapte
797 1271 959 1302 natura
985 1260 1117 1302 ferax
1134 1261 1392 1316 olivarum;
1424 1260 1500 1304 sed
1524 1276 1742 1322 agrorum
1765 1261 1864 1307 cul-

329 1338 433 1368 tura
457 1327 577 1384 plus,
606 1336 744 1381 quam
773 1322 1029 1370 olivarum,
1059 1322 1235 1364 laboris
1263 1322 1425 1381 exigit.
1484 1324 1748 1377 Mirumne‚
1782 1327 1867 1380 ob·

328 1382 566 1439 secro,‘fi,
598 1383 729 1442 quod
746 1383 823 1425 vel
839 1381 982 1425 hodie
1000 1382 1116 1425 dum
1143 1380 1510 1442 fierigvidemus,
1541 1384 1759 1430 suburbia
1786 1387 1863 1431 ha·
1903 1430 1933 1437 „.

327 1448 530 1491 bitantes
558 1457 638 1489 aut
665 1458 830 1503 pagos,
871 1444 991 1502 agris
1015 1453 1061 1485 et
1087 1444 1398 1503 agriculturae
1426 1442 1760 1497 valedicentes,
1805 1450 1865 1492 il·
1933 1476 1936 1479 -

327 1510 442 1552 lecti
466 1507 598 1552 urbis
622 1507 763 1556 luxu,
796 1505 845 1547 in
869 1518 970 1564 eam
996 1506 1137 1547 Lares
1162 1505 1482 1548 transferunt?
1530 1508 1695 1563 sapuit
1719 1510 1865 1566 igitur

327 1585 489 1613 revera
508 1568 734 1628 Sapientis
757 1567 1039 1626 cognomine
1065 1565 1217 1608 dictus
1234 1567 1395 1617 Solon,
1420 1581 1527 1609 cum
1551 1569 1770 1612 alimenta
1789 1584 1861 1612 ce·

326 1639 423 1674 tera
452 1642 635 1689 praeter
657 1629 817 1672 oleum
842 1624 1080 1681 exportari
1106 1626 1258 1668 vetuit
1263 1639 1281 1679 3
1313 1624 1479 1683 sapuit.
1509 1628 1712 1685 inquam,
1739 1645 1860 1682 eum,

326 1696 406 1752 qui
440 1693 601 1735 [altem
634 1689 909 1747 quingentos
940 1685 1207 1738 medimnos
1226 1686 1518 1743 liquidorum
1543 1687 1862 1750 ficco'rumque

326 1752 627 1815 colligerent,¹
654 1763 735 1794 ‚eos
761 1757 961 1805 quatuor
987 1744 1333 1790 constitutarum
1361 1745 1562 1793 classium
1586 1753 1761 1809 primos
1781 1753 1859 1797 de.

326 1819 559 1863 clararet,
578 1811 769 1856 honoris
794 1806 1195 1852 stimulo-eosdem
1222 1809 1281 1851 ad
1315 1810 1625 1868 agriculturae
1658 1811 1859 1859 studium

327 1874 634 1926 excitaturus,
667 1871 922 1928 eademque
946 1878 1043 1912 arte
1069 1883 1093 1912 a
1122 1870 1239 1913 luxu
1271 1880 1557 1916 avocatums.

369 2063 402 2091 ι,
444 2048 609 2093 Thucyd.
630 2048 664 2088 1,
685 2056 718 2084 2·
764 2044 940 2091 xwoph.
962 2044 1004 2078 de
1026 2045 1194 2080 Provent.
1216 2046 1243 2081 1.
1295 2047 1433 2095 Cyneg.
1455 2055 1506 2082 ια.
1555 2046 1652 2083 mut.
1675 2049 1801 2086 Solon.
1823 2055 1859 2092 1,

449 2104 652 2148 360—364.
674 2103 729 2138 ed.
751 2100 875 2138 Reisk.
926 2100 1145 2137 Barthelem.
1167 2102 1355 2138 Anacharr.
1377 2104 1469 2143 vexi,
1491 2104 1612 2141 Germ.
1635 2102 1700 2148 IV,
1721 2119 1757 2154 p.
1780 2119 1856 2155 319·

448 2165 492 2200 F.
509 2164 551 2197 A.
576 2160 688 2195 Wolf
713 2161 757 2194 ad
777 2160 883 2208 Lept.
912 2171 949 2206 p.
970 2169 1050 2204 ιφ,

366 2229 401 2261 2,
443 2220 539 2253 Plut.
562 2217 640 2257 Sol.
668 2229 700 2252 e.
722 2224 777 2262 24.
1656 2227 1675 2229 ”
1795 2252 1797 2255 ,

365 2288 402 2321 5,
446 2274 580 2309 Pollux
601 2278 637 2314 8,
659 2288 713 2315 ιο,
745 2288 781 2321 p.
802 2283 881 2321 953,
903 2273 960 2309 ed·
981 2275 1116 2309 Hemst.
1138 2273 1232 2311 Plut.
1255 2273 1331 2316 Sol,
1352 2274 1386 2317 1,
1402 2285 1438 2322 p.
1453 2270 1651 2322 5491(οῇ
1692 2278 1852 2318 Bucen.

450 2332 494 2367 d·
519 2341 640 2366 oecon.
661 2330 739 2376 pol.
763 2332 847 2367 Atb.
868 2331 926 2371 11,
946 2342 984 2376 p.
1002 2340 1056 2376 29.
1110 2372 1123 2379 κ
1707 2367 1714 2371 ,
