2203 2888
875 143 1158 187 -5....

950 239 979 304 5
1039 251 1087 297 ἓν

403 328 587 378 Narrat
594 332 811 377 Aelianus
834 330 899 391 ¹),
943 326 1242 374 Heraclidem
1268 328 1514 375 Ponticum
1541 339 1777 377 auctorem

250 396 463 454 sequens.
494 406 720 467 ,Νετειεει
731 393 1024 438 Athenienses
1050 407 1303 452 purpureas
1330 392 1469 437 vestes
1491 395 1682 437 induere
1707 395 1775 437 sm·

249 460 361 502 litos
387 468 434 500 et
460 458 598 500 variis
625 456 805 500 amiciri
836 457 1031 511 tunicis;
1077 452 1312 509 corymbis
1338 457 1477 498 etiam
1501 450 1776 512 implicuisse

251 520 468 577 capillos,
495 519 643 575 iisque
668 531 826 560 aureas
853 517 1029 559 cicadas
1045 512 1291 567 inseruisse,
1326 518 1520 574 aliisque
1539 526 1776 558 ornamen-

250 582 309 623 tis
331 595 389 623 ex
414 594 535 628 auro
553 576 826 637 appofititiis
851 589 898 621 et
918 571 1119 636 appensis
1146 587 1324 619 utentes
1348 578 1396 620 in
1412 578 1654 635 publicum
1670 592 1777 635 pro·-

251 638 427 685 ceffiffe.
492 642 680 683 Secutos
701 654 810 683 vero
834 637 920 683 efse
940 653 1213 698 quocunque
1234 639 1355 680 irent
1377 650 1543 696 pueros
1570 647 1677 682 cum
1694 638 1776 680 sel·

247 704 307 748 Iis
331 702 772 761 complicatilibus.“
865 707 927 745 Et
948 703 1166 745 Aelianus
1194 700 1253 744 de
1279 699 1357 743 suo
1378 700 1538 744 addit:
1594 701 1776 754 „mani-

248 762 521 814 festum‘est,
562 763 761 806 mensam
789 765 929 806 etiam
956 764 1157 820 aliasque
1192 763 1315 804 vitae
1347 762 1548 805 rationes
1581 761 1683 820 ipsis
1707 762 1777 803 su·-

249 821 340 869 iffev
372 824 677 884 delicatiores.
697 828 727 852 ‘⁶
816 828 916 868 Nec
952 821 1182 867 dissimilia
1213 824 1518 878 ,Thucydides
1548 824 1592 878 2)
1634 820 1779 866 tradit

251 887 432 928 dicens:
467 884 797 937 „Athenien-ses
822 887 1003 943 primos
1021 888 1303 929 Graecorum
1328 885 1505 926 ferrum>
1527 882 1777 942 deposuisse

251 952 298 990 e't
332 954 361 988 e·
381 944 680 988 soluto'vitae
705 959 871 1003 genere
905 948 955 989 iu
986 947 1157 989 lautius
1190 943 1436 999 transiisse,
1483 946 1604 988 ferre
1636 947 1777 988 etiam

251 1004 424 1052 defiiffe
449 1007 615 1049 linteas
635 1008 813 1049 tunicas
847 1017 984 1063 atque
1015 1008 1248 1049 cincinnos
1283 1020 1442 1048 comae
1467 1008 1630 1063 capitis
1653 1020 1779 1059 nexu

244 1080 490 1110 aurearum
514 1065 774 1107 cicadarum
798 1063 1124 1123 implicuiffe.“
1188 1063 1335 1122 Quid,
1370 1068 1505 1122 quod·
1525 1078 1572 1108 et
1599 1064 1777 1109 Diodo-

249 1143 333 1172 rus
342 1126 521 1170 Sicqus
536 1126 578 1177 ³)
598 1126 849 1168 memoriae
864 1126 1096 1187 prodidit:
1129 1120 1507 1176 ,‚Athenienses,
1491 1128 1641 1178 Jonica
1657 1127 1775 1170 luxu

251 1203 315 1232 ac
325 1187 511 1231 lascivi-a
537 1195 803 1235 enervatos,
839 1184 1020 1228 Solonis
1053 1184 1238 1243 legibus
1270 1186 1515 1241 paullatim
1549 1187 1607 1228 ad
1631 1189 1776 1230 virtu-

237 1242 342 1294 ·tem
371 1246 742 1306 optimatumque
767 1248 938 1289 artium
966 1243 1121 1290 studia
1138 1243 1373 1304 traductos
1400 1243 1502 1290 effe.
1514 1250 1545 1272 “

352 1354 354 1356 -
403 1333 443 1374 Ii
470 1345 611 1381 vero,
638 1329 721 1387 qui
754 1319 1033 1373 contrari-am
1062 1324 1237 1372 nostrae
1264 1326 1530 1372 sententia-m
1564 1341 1774 1384 tuentur,

249 1396 378 1436 nulla
391 1390 489 1448 ipfi
520 1405 670 1447 neque
701 1399 808 1445 apta
847 1389 1139 1442 conjectura,-
1185 1402 1336 1444 neque
1362 1393 1634 1432 auctoritate
1659 1394 1774 1446 nixi,

248 1455 354 1499 satis
377 1442 485 1496 ess'e
490 1462 678 1510 p,utant
708 1447 840 1494 testes
866 1464 890 1493 a
914 1449 1057 1493 nobis
1074 1448 1326 1507 productos
1355 1449 1403 1492 in
1429 1448 1642 1495 sublestae
1659 1426 1775 1496 fidei

236 1515 555 1570 suspicionem
576 1509 828 1560 adduxiffe,
863 1525 968 1550 cum
992 1511 1302 1555 Heraclidem
1317 1513 1561 1559 Ponticum
1588 1515 1776 1569 quidem

229 1575 408 1620 'dicant
437 1588 638 1631 pronum
672 1571 730 1614 ad
762 1555 972 1628 quaeqae*
1010 1566 1239 1617 credenda
1270 1569 1577 1631 fictarumque
1620 1590 1776 1620 rerum

250 1633 382 1677 fuiffe
409 1634 727 1688 impudentem
753 1641 1014 1682 auctorem,
1054 1633 1136 1686 qui
1169 1631 1563 1680 diverfissirnorum
1598 1647 1777 1692 tempo-

249 1711 357 1740 rum
371 1708 449 1737 res
461 1691 828 1745 commiscuerit3
832 1692 1090 1735 Aelianum
1107 1705 1218 1733 vero
1235 1691 1447 1734 omn-ium
1470 1693 1564 1735 fere
1582 1698 1778 1739 Graeco·

250 1772 356 1800 rum
374 1759 781 1808 Romanorumque
808 1751 1165 1806 compilatorum
1192 1749 1322 1792 fui-Ire
1340 1750 1778 1811 negligentiffimum

252 1825 472 1877 arguunt,
520 1825 568 1857 et
608 1812 872 1856 Diodorum
904 1811 1114 1855 siculum
1146 1810 1351 1867 ejusdem
1386 1827 1532 1870 paene
1571 1818 1775 1860 levitatis

206 1900 208 1902 ¹
250 1879 401 1921 teneri
423 1876 717 1918 arbitrantur.
781 1873 875 1915 Sed
896 1886 980 1916 nec
1002 1873 1314 1929 Thucydi-dis,
1344 1873 1592 1933 graviffimi
1619 1889 1775 1921 aucto·

249 1942 314 1983 ris·
336 1936 650 1981 testimonium
680 1946 959 1979 reverentur.
1041 1936 1183 2005 Quid,
1224 1936 1349 1991 quod
1372 1936 1430 1978 ad
1455 1934 1775 1988 stabiliendam

250 2000 376 2044 suam
404 1998 696 2050 sententiam,
736 1994 860 2039 nihil
885 1998 1023 2039 luxus
1051 1997 1173 2038 inter
1193 1993 1489 2040 Athenienses
1513 2002 1618 2042 ante
1643 2001 1774 2045 Solo·

250 2062 326 2105 nis
345 2070 553 2116 tempora
572 2054 809 2108 exstitisse,
841 2055 929 2114 ipsi·
947 2058 1217 2113 Thucydidi
1238 2058 1584 2114 Thucydidem,
1624 2065 1777 2106 Xeno-

295 2243 331 2272 π,
372 2224 512 2266 Aelim
533 2239 608 2263 var.
632 2225 713 2262 hist.
734 2226 874 2270 I'V,22.

293 2295 334 2329 2,
369 2283 540 2328 Thuoya
556 2285 601 2323 1
616 2282 648 2317 6.
700 2288 711 2291 ··

292 2354 329 2388 3,
369 2338 483 2378 Diod.
503 2339 616 2375 Sicul.
640 2338 722 2375 vol
738 2340 803 2383 IV,
831 2344 930 2386 p.41
953 2342 1009 2379 od.
1023 2338 1186 2389 Bi'pontv
